<record><leader>00000cas a2200000 a 4500</leader><controlfield tag="001">34098215</controlfield><controlfield tag="008">960129c19519999caudn ne      0    0eng c</controlfield><datafield ind1=" " ind2=" " tag="010"><subfield code="a">sn 95062105 </subfield></datafield><datafield ind1=" " ind2=" " tag="040"><subfield code="a">CNK</subfield><subfield code="b">eng</subfield><subfield code="c">CNK</subfield><subfield code="d">OCLCQ</subfield><subfield code="d">CNK</subfield><subfield code="d">OCLCQ</subfield><subfield code="d">OCLCF</subfield><subfield code="d">OCLCO</subfield></datafield><datafield ind1="1" ind2=" " tag="029"><subfield code="a">AU@</subfield><subfield code="b">000025871753</subfield></datafield><datafield ind1=" " ind2=" " tag="042"><subfield code="a">pcc</subfield></datafield><datafield ind1=" " ind2=" " tag="043"><subfield code="a">n-us-ca</subfield></datafield><datafield ind1="0" ind2="0" tag="245"><subfield code="a">Benicia herald.</subfield></datafield><datafield ind1="1" ind2="7" tag="246"><subfield code="a">Herald-new era</subfield></datafield><datafield ind1=" " ind2=" " tag="260"><subfield code="a">Benicia, Solano County, Calif. :</subfield><subfield code="b">Arthur W. Gluckman</subfield></datafield><datafield ind1=" " ind2=" " tag="300"><subfield code="a">v.</subfield></datafield><datafield ind1=" " ind2=" " tag="310"><subfield code="a">Daily (except Mon. &amp; Sat.),</subfield><subfield code="b">July 1, 1990-</subfield></datafield><datafield ind1=" " ind2=" " tag="321"><subfield code="a">Weekly,</subfield><subfield code="b">Sept. 20, 1951-June 7, 1978</subfield></datafield><datafield ind1=" " ind2=" " tag="321"><subfield code="a">Semiweekly,</subfield><subfield code="b">June 14, 1978-Nov. 9, 1984</subfield></datafield><datafield ind1=" " ind2=" " tag="321"><subfield code="a">Three times a week,</subfield><subfield code="b">Nov. 11, 1984-June 29, 1990</subfield></datafield><datafield ind1="0" ind2=" " tag="362"><subfield code="a">Vol. 54, no. 38 (Sept. 20, 1951)-</subfield></datafield><datafield ind1=" " ind2=" " tag="530"><subfield code="a">Master negatives are available for duplication from:</subfield><subfield code="b">California Newspaper Microfilm Archive;</subfield><subfield code="c">for further information consult the CNMA at:</subfield><subfield code="u">http://cbsr.ucr.edu.</subfield></datafield><datafield ind1=" " ind2="0" tag="651"><subfield code="a">Benicia (Calif.)</subfield><subfield code="v">Newspapers.</subfield></datafield><datafield ind1=" " ind2="7" tag="655"><subfield code="a">Newspapers.</subfield><subfield code="2">fast</subfield><subfield code="0">(OCoLC)fst01423814</subfield></datafield><datafield ind1=" " ind2="7" tag="651"><subfield code="a">California</subfield><subfield code="z">Benicia.</subfield><subfield code="2">fast</subfield><subfield code="0">(OCoLC)fst01205468</subfield></datafield><datafield ind1=" " ind2=" " tag="752"><subfield code="a">United States</subfield><subfield code="b">California</subfield><subfield code="c">Solano</subfield><subfield code="d">Benicia.</subfield></datafield><datafield ind1="0" ind2="0" tag="780"><subfield code="t">Benicia herald and new era</subfield><subfield code="w">(DLC)sn 95062104</subfield></datafield></record>